@article{Cadar2008,
  author = {Cadar, Cristian and Dunbar, Daniel and Engler, Dawson},
  file = {:home/nikos/Downloads/klee-osdi-08.pdf:pdf},
  journal = {USENIX Symposium on Operating Systems Design and Implementation (OSDI 2008) },
  title = {{KLEE: Unassisted and automatic generation of high-coverage tests for complex systems programs}},
  url = {http://dl.acm.org/citation.cfm?id=1855756},
  year = {2008}
}
@article{Beyer2007,
  author = {Beyer, Dirk and Henzinger, Thomas A. and Jhala, Ranjit and Majumdar, Rupak},
  doi = {10.1007/s10009-007-0044-z},
  file = {:media/w7/Users/nikos/Dbox/Dropbox/ebooks/UPenn/software engineering/glucose/2007-STTT.The\_Software\_Model\_Checker\_BLAST.pdf:pdf},
  issn = {1433-2779},
  journal = {International Journal on Software Tools for Technology Transfer},
  keywords = {memory safety,model checking,software specification,software verification,test-case},
  month = sep,
  number = {5-6},
  pages = {505--525},
  title = {{The software model checker Blast}},
  url = {http://www.springerlink.com/index/10.1007/s10009-007-0044-z},
  year = {2007}
}
@article{Beyer2004,
  author = {Beyer, D. and A.J. Chlipala and Henzinger, T.A. and Jhala, R. and Majumdar, R.},
  doi = {10.1109/ICSE.2004.1317455},
  file = {:media/w7/Users/nikos/Dbox/Dropbox/ebooks/UPenn/software engineering/glucose/2004-ICSE.Generating\_Tests\_from\_Counterexamples.pdf:pdf},
  isbn = {0-7695-2163-0},
  journal = {Proceedings. 26th International Conference on Software Engineering},
  pages = {326--335},
  publisher = {IEEE Comput. Soc},
  title = {{Generating tests from counterexamples}},
  url = {http://ieeexplore.ieee.org/lpdocs/epic03/wrapper.htm?arnumber=1317455},
  year = {2004}
}
@misc{BlaOp,
  author = {Beyer, D. and others},
  title = {{BLAST - Infrastructure for C Program Verification}},
  howpublished = "\url{http://www.sosy-lab.org/~dbeyer/blast_doc/blast005.html}",
  year = {2008}, 
  note = "[Online; accessed 15-Jan-2012]"
}
@misc{BlaEx,
  author = {Beyer, D. and Henzinger, Thomas A. and others},
  title = {{BLAST Examples}},
  howpublished = "\url{http://mtc.epfl.ch/software-tools/blast/download/examples/}",
  year = {2008}, 
  note = "[Online; accessed 19-Jan-2012]"
}
